@article{Ulloa-cedamanos,
    title = {{A Forty-Year Karstic Critical Zone Survey ( Baget Catchment , Pyrenees-France ): Lithologic and Hydroclimatic Controls on Seasonal and Inter- Annual Variations of Stream Water Chemical Composition , p\ce{CO2} , and Carbonate Equilibrium}},
    author = {Ulloa-cedamanos, Francesco and Probst, Jean-luc and Binet, Stephane and Camboulive, Thierry},
    pages = {1--29},
    doi = {10.3390/w12051227},
    keywords = {carbonate dissolution, global warming, hydrochemical trends, l ong-term monitoring, mineral, mountainous catchment, seasonal patterns, weathering}
}

@article{Pokrovsky2009,
    title = {{Calcite, dolomite and magnesite dissolution kinetics in aqueous solutions at acid to circumneutral pH, 25 to 150{${}^\circ$}C and 1 to 55atm p\ce{CO2}: New constraints on \ce{CO2} sequestration in sedimentary basins}},
    year = {2009},
    journal = {Chemical Geology},
    author = {Pokrovsky, Oleg S. and Golubev, Sergey V. and Schott, Jacques and Castillo, Alain},
    number = {1-2},
    pages = {20--32},
    volume = {265},
    publisher = {Elsevier B.V.},
    url = {http://dx.doi.org/10.1016/j.chemgeo.2009.01.013},
    doi = {10.1016/j.chemgeo.2009.01.013},
    issn = {00092541},
    keywords = {Calcite, Carbon dioxide sequestration, Dissolution, Dolomite, Kinetics, Magnesite}
}

@article{Shi2013,
    title = {{Dissolution of calcite at up to 250 {${}^\circ$}c and 1450 bar and the presence of mixed salts}},
    year = {2013},
    journal = {Industrial and Engineering Chemistry Research},
    author = {Shi, Wei and Kan, Amy T. and Zhang, Nan and Tomson, Mason},
    number = {6},
    pages = {2439--2448},
    volume = {52},
    doi = {10.1021/ie302190e},
    issn = {08885885}
}

@article{Koch2020,
    title = {{DuMux 3 – an open-source simulator for solving flow and transport problems in porous media with a focus on model coupling}},
    year = {2020},
    journal = {Computers and Mathematics with Applications},
    author = {Koch, Timo and Gl{\"{a}}ser, Dennis and Weishaupt, Kilian and Ackermann, Sina and Beck, Martin and Becker, Beatrix and Burbulla, Samuel and Class, Holger and Coltman, Edward and Emmert, Simon and Fetzer, Thomas and Gr{\"{u}}ninger, Christoph and Heck, Katharina and Hommel, Johannes and Kurz, Theresa and Lipp, Melanie and Mohammadi, Farid and Scherrer, Samuel and Schneider, Martin and Seitz, Gabriele and Stadler, Leopold and Utz, Martin and Weinhardt, Felix and Flemisch, Bernd},
    number = {xxxx},
    publisher = {Elsevier Ltd},
    url = {https://doi.org/10.1016/j.camwa.2020.02.012},
    doi = {10.1016/j.camwa.2020.02.012},
    issn = {08981221},
    arxivId = {1909.05052},
    keywords = {Coupled problems, DUNE, Multi-phase flow, Open-source software, Porous media, Research software}
}

@article{Flemisch2011,
    title = {{DuMuX: DUNE for Multi-{\{}Phase, Component, Scale, Physics, ...{\}} Flow and Transport in Porous Media}},
    year = {2011},
    journal = {Advances in Water Resources},
    author = {Flemisch, Bernd and Darcis, Melanie and Erbertseder, Karin and Faigle, Benjamin and Lauser, Andreas and Mosthaf, Klaus and M{\"{u}}thing, Steffen and Nuske, Philipp and Tatomir, Alexandru and Wolff, Markus and Helmig, Rainer},
    number = {9},
    pages = {1102--1112},
    volume = {34},
    url = {http://www.dumux.org/documents/dumux_awrpaper.pdf}
}

@article{Flemisch2011b,
    title = {{DuMuX: DUNE for Multi-{\{}Phase, Component, Scale, Physics, ...{\}} Flow and Transport in Porous Media}},
    year = {2011},
    journal = {Advances in Water Resources},
    author = {Flemisch, Bernd and Darcis, Melanie and Erbertseder, Karin and Faigle, Benjamin and Lauser, Andreas and Mosthaf, Klaus and M{\"{u}}thing, Steffen and Nuske, Philipp and Tatomir, Alexandru and Wolff, Markus and Helmig, Rainer},
    number = {9},
    pages = {1102--1112},
    volume = {34},
    url = {http://www.dumux.org/documents/dumux_awrpaper.pdf}
}

@book{Bear1988,
    title = {{Dynamics of fluids in porous media}},
    year = {1988},
    author = {Bear, J},
    publisher = {Dover, New York}
}

@book{Bear1988b,
    title = {{Dynamics of fluids in porous media}},
    year = {1988},
    author = {Bear, J},
    publisher = {Dover, New York}
}

@article{Class2020,
    title = {{Experimental and simulation study on validating a numerical model for \ce{CO2} density-driven dissolution in water}},
    year = {2020},
    journal = {Water},
    author = {Class, Holger and Weishaupt, Kilian and Tr{\"{o}}tschler, Oliver},
    number = {3},
    pages = {738},
    volume = {12},
    publisher = {Multidisciplinary Digital Publishing Institute}
}

@article{Cunningham2019,
    title = {{Field-scale modeling of microbially induced calcite precipitation}},
    year = {2019},
    journal = {Computational Geosciences},
    author = {Cunningham, A. B. and Class, H. and Ebigbo, A. and Gerlach, R. and Phillips, A. J. and Hommel, J.},
    number = {2},
    pages = {399--414},
    volume = {23},
    publisher = {Computational Geosciences},
    isbn = {1059601897976},
    doi = {10.1007/s10596-018-9797-6},
    issn = {15731499},
    keywords = {Field-scale modeling, Microbially induced calcite precipitation (MICP), Permeability modification, Reactive transport}
}

@misc{Plummer1978,
    title = {Kinetics of Calcite dissolution in \ce{CO2}-Water Systems at 5 degree to 60 degree C and 0. 0 TO 1. 0 atm \ce{CO2}},
    year = {1978},
    booktitle = {Am J Sci},
    author = {Plummer, L. N. and Wigley, T. M.L. and Parkhurst, D. L.},
    number = {2},
    pages = {179--216},
    volume = {278}
}

@article{Scherzer2017,
    title = {{Nerochytitsche Speleogenese: Konvektiver Vertikaltransport von gel{\"{o}}stem \ce{CO2} - ein Antrieb f{\"{u}}r Verkarstung in der phreatischen Zone im Bedeckten Karst}},
    year = {2017},
    journal = {Laichinger H{\"{o}}hlenfreund},
    author = {H. Scherzer, H. Class, K. Weishaupt, T. Sauernborn, O. Trötschler},
    number = {52},
    pages = {29--35}
}

@article{Renard2005,
    title = {{Numerical modeling of the effect of carbon dioxide sequestration on the rate of pressure solution creep in limestone: Preliminary results}},
    year = {2005},
    journal = {Oil and Gas Science and Technology},
    author = {Renard, Francois and Gundersen, E and Hellmann, R and Collombet, Marielle and Le Guen, Y},
    number = {2},
    pages = {381--399},
    volume = {60},
    doi = {10.2516/ogst:2005023},
    issn = {12944475}
}

@article{Renard2005b,
    title = {{Numerical modeling of the effect of carbon dioxide sequestration on the rate of pressure solution creep in limestone: Preliminary results}},
    year = {2005},
    journal = {Oil and Gas Science and Technology},
    author = {Renard, Francois and Gundersen, E. and Hellmann, R. and Collombet, Marielle and Le Guen, Y.},
    number = {2},
    pages = {381--399},
    volume = {60},
    doi = {10.2516/ogst:2005023},
    issn = {12944475}
}

@article{Dreybrodt1996,
    title = {{Principles of early development of karst conduits under natural and man- made conditions revealed by mathematical analysis of numerical models}},
    year = {1996},
    journal = {Water Resources Research},
    author = {Dreybrodt, Wolfgang},
    number = {9},
    pages = {2923--2935},
    volume = {32},
    doi = {10.1029/96WR01332},
    issn = {00431397},
    keywords = {http://dx.doi.org/10.1029/96WR01332, doi:10.1029/9}
}

@book{Dreybrodt2012,
    title = {{Processes in karst systems: physics, chemistry, and geology}},
    year = {2012},
    author = {Dreybrodt, Wolfgang},
    volume = {4},
    publisher = {Springer Science {\&} Business Media},
    isbn = {3642833527}
}

@book{Mussardo2019,
    title = {{済無No Title No Title}},
    year = {2019},
    booktitle = {Statistical Field Theor},
    author = {Mussardo, Giusepe},
    number = {9},
    pages = {1689--1699},
    volume = {53},
    isbn = {9788578110796},
    doi = {10.1017/CBO9781107415324.004},
    issn = {1098-6596},
    pmid = {25246403},
    arxivId = {arXiv:1011.1669v3},
    keywords = {icle}
}

@book{MarcusProcessesSystems,
    title = {{Processes in Karst Systems}},
    author = {Marcus, M and Messerli, Tempe B},
    isbn = {9783642833540}
}

@techreport{BarschSpringerEnvironment,
    title = {{Springer Series in Physical Environment}},
    author = {Barsch, D and Editors Douglas, Heidelberg I and Joly, F and Marcus, Paris M and Messerli, B and Advisory Board Ahnert, Bern F and Baker, V R and G Barry, Tucson R and Bremer, H and Brunsden, D and Cooke, R U and Co que, R and Dewolf, Paris Y and Fogelberg, P and Franzle, O and Gams, Kiel I and Godard, A and Guilcher, Meudon A and Hagedorn, Brest H and Ives, J and Kozarski, Boulder S and Leser, H and Mather, J R and Nicod, Newark J and Orme, A R and Angeles, Los G and Pewe, T L and Rognon, P and Rohdenburg, Paris H and Semmel, A}
}

@phdthesis{hommel2016modeling,
  author = {Hommel, Johannes},
  isbn = {978-3-942036-48-1},
  month = {2},
  note = {, date=15.02.2016, IWSID=3193 , Institution: TASK , Address: Universit\"at Stuttgart , Partnerinstitution: CHR - International Commission for the Hydrology of the Rhine basin , Partneraddress: Montana State University, Bozeman, USA },
  school = {Universität Stuttgart, TASK},
  title = {Modeling biogeochemical and mass transport processes in the subsurface: Investigation of microbially induced calcite precipitation},
  type = {Promotionsschrift},
  url = {https://elib.uni-stuttgart.de/handle/11682/8787},
  volume = 244,
  year = 2016
}

@article{Kochetal2020Dumux,
title = {DuMu\textsuperscript{x} 3 - an open-source simulator for solving flow and transport problems in porous media with a focus on model coupling},
journal = {Computers \& Mathematics with Applications},
year = {2020},
issn = {0898-1221},
doi = {10.1016/j.camwa.2020.02.012},
author = {Timo Koch, Dennis Gl\"aser, Kilian Weishaupt, Sina Ackermann, Martin Beck, Beatrix Becker, Samuel Burbulla, Holger Class, Edward Coltman, Simon Emmert, Thomas Fetzer, Christoph Gr\"uninger, Katharina Heck, Johannes Hommel, Theresa Kurz, Melanie Lipp, Farid Mohammadi, Samuel Scherrer, Martin Schneider, Gabriele Seitz, Leopold Stadler, Martin Utz, Felix Weinhardt, Bernd Flemisch},
keywords = {Porous media, Multi-phase flow, Coupled problems, Open-source software, Research software},
abstract = {We present version 3 of the open-source simulator for flow and transport processes in porous media DuMux. DuMux is based on the modular C++ framework Dune (Distributed and Unified Numerics Environment) and is developed as a research code with a focus on modularity and reusability. We describe recent efforts in improving the transparency and efficiency of the development process and community-building, as well as efforts towards quality assurance and reproducible research. In addition to a major redesign of many simulation components in order to facilitate setting up complex simulations in DuMux, version 3 introduces a more consistent abstraction of finite volume schemes. Finally, the new framework for multi-domain simulations is described, and three numerical examples demonstrate its flexibility.}
}

@article{chou1989comparative,
  title={Comparative study of the kinetics and mechanisms of dissolution of carbonate minerals},
  author={Chou, LEI and Garrels, Robert M and Wollast, Roland},
  journal={Chemical geology},
  volume={78},
  number={3-4},
  pages={269--282},
  year={1989},
  publisher={Elsevier}
}

@article{compton1989dissolution,
  title={The dissolution of calcite in acid waters: mass transport versus surface control},
  author={Compton, Richard G and Pritchard, Keith L and Unwin, Patrick R},
  journal={Freshwater Biology},
  volume={22},
  number={2},
  pages={285--288},
  year={1989},
  publisher={Wiley Online Library}
}

@techreport{garcia2001density,
  title={Density of aqueous solutions of \ce{CO2}},
  author={Garcia, Julio E},
  year={2001},
  institution={Lawrence Berkeley National Lab.(LBNL), Berkeley, CA (United States)}
}

@article{bachu2007co2,
  title={\ce{CO2} storage capacity estimation: Methodology and gaps},
  author={Bachu, Stefan and Bonijoly, Didier and Bradshaw, John and Burruss, Robert and Holloway, Sam and Christensen, Niels Peter and Mathiassen, Odd Magne},
  journal={International journal of greenhouse gas control},
  volume={1},
  number={4},
  pages={430--443},
  year={2007},
  publisher={Elsevier}
}

@article{lindeberg1997reservoir,
  title={Reservoir storage and containment of greenhouse gases},
  author={Lindeberg, E and Wessel-Berg, D},
  journal={Transp. Porous Media},
  volume={38},
  pages={S229--S234},
  year={1997}
}

@book{metz2005carbon,
  title={Carbon dioxide capture and storage: special report of the intergovernmental panel on climate change},
  author={Metz, Bert and Davidson, Ogunlade and De Coninck, Heleen and others},
  year={2005},
  publisher={Cambridge University Press}
}

@article{bonacci2001analysis,
  title={Analysis of the maximum discharge of karst springs},
  author={Bonacci, Ognjen},
  journal={Hydrogeology Journal},
  volume={9},
  number={4},
  pages={328--338},
  year={2001},
  publisher={Springer}
}

@book{ford2013karst,
  title={Karst hydrogeology and geomorphology},
  author={Ford, Derek and Williams, Paul D},
  year={2013},
  publisher={John Wiley \& Sons}
}

@article{bakalowicz2005karst,
  title={Karst groundwater: a challenge for new resources},
  author={Bakalowicz, Michel},
  journal={Hydrogeology journal},
  volume={13},
  number={1},
  pages={148--160},
  year={2005},
  publisher={Springer}
}

@phdthesis{mangin1975contribution,
  title={Contribution {\`a} l'{\'e}tude hydrodynamique des aquif{\`e}res karstiques},
  author={Mangin, Alain},
  year={1975},
  school={Universit{\'e} de Dijon}
}

@article{mohammadi2007method,
  title={Method of leakage study at the karst dam site. A case study: Khersan 3 Dam, Iran},
  author={Mohammadi, Zargham and Raeisi, Ezzatollah and Bakalowicz, Michel},
  journal={Environmental Geology},
  volume={52},
  number={6},
  pages={1053--1065},
  year={2007},
  publisher={Springer}
}

@incollection{white2018karst,
  title={Karst geomorphology},
  author={White, William B and White, Elizabeth L},
  booktitle={Caves and Karst of the Greenbrier Valley in West Virginia},
  pages={45--62},
  year={2018},
  publisher={Springer}
}

@article{atkinson1977carbon,
  title={Carbon dioxide in the atmosphere of the unsaturated zone: an important control of groundwater hardness in limestones},
  author={Atkinson, TC},
  journal={Journal of Hydrology},
  volume={35},
  number={1-2},
  pages={111--123},
  year={1977},
  publisher={Elsevier}
}

@article{russell1973soil,
  title={Soil Conditions and Plant Growth. lOth Edition Longman Group Ltd},
  author={Russell, WE},
  journal={NY, NY},
  year={1973}
}

@article{chulakov1959,
    title={The problem of the formation of soil structures. Soil Fertil. Abstr.,},
    author={Chulakov, Sh.A},
    year={1960}
}

@article{matskevitch1957,
  title={\ce{CO2} regime in soil air of steppe and semi-desert under tree and herbaceous coenoses},
  author={Matskevitch, V.B.},
  journal={Soil Fertil. Abstr},
  volume={718},
  year={1961}
}

@article{gerstenhauer1969offene,
  title={Offene Fragen der klimagenetichen Karstgeomorphologie},
  author={Gerstenhauer, A},
  journal={Der Einfluss der \ce{CO2} Konzentration inder Bodenruf auf die Landformung. Studia Geografica},
  volume={5},
  pages={43--51},
  year={1969}
}

@article{nicholson1969new,
  title={A new method of measuring soil carbon dioxide for limestone solution studies, with results from Jamaica and the United Kingdom},
  author={Nicholson, FH and Nicholson, HM},
  journal={Journal of the British Speleological Association},
  volume={6},
  pages={136--148},
  year={1969}
}

@article{boynton1944normal,
  title={Normal seasonal changes of oxygen and carbon dioxide percentages in gas from the larger pores of three orchard subsoils},
  author={Boynton, Damon and Compton, OC},
  journal={Soil Science},
  volume={57},
  number={2},
  pages={107--118},
  year={1944},
  publisher={LWW}
}

@article{sheikh1969responses,
  title={The Responses of Molinia Caerulea and Erica Tetralix to Soil Aeration and Related Factors: II. Gas Concentrations in Soil Air and Soil Water},
  author={Sheikh, Khalid Hamid},
  journal={The Journal of Ecology},
  pages={727--736},
  year={1969},
  publisher={JSTOR}
}

@article{garcia2011numerical,
  title={Numerical modeling of coastal aquifer karst processes by means of coupled simulations of density-driven flow and reactive solute transport phenomena},
  author={Garc{\'\i}a, {\'A}lvaro M S{\'a}inz and Huguet, Jorge J Molinero and Saaltink, Maarten W},
  journal={Carbonates and Evaporites},
  volume={26},
  number={1},
  pages={19--27},
  year={2011},
  publisher={Springer}
}

@article{gulley2014vadose,
  title={Vadose \ce{CO2} gas drives dissolution at water tables in eogenetic karst aquifers more than mixing dissolution},
  author={Gulley, Jason and Martin, Jonathan and Moore, Paul},
  journal={Earth Surface Processes and Landforms},
  volume={39},
  number={13},
  pages={1833--1846},
  year={2014},
  publisher={Wiley Online Library}
}

@incollection{bogli1980physical,
  title={Physical Behavior of Karst Water},
  author={B{\"o}gli, Alfred},
  booktitle={Karst Hydrology and Physical Speleology},
  pages={77--98},
  year={1980},
  publisher={Springer}
}


@article{gabrovvsek2000role,
  title={Role of mixing corrosion in calcite-aggressive H2O-CO2-CaCO3 solutions in the early evolution of karst aquifers in limestone},
  author={Gabrov{\v{s}}ek, Franci and Dreybrodt, Wolfgang},
  journal={Water Resources Research},
  volume={36},
  number={5},
  pages={1179--1188},
  year={2000},
  publisher={Wiley Online Library}
}

@article{dreybrodt2004dissolution,
  title={Dissolution: carbonate rocks},
  author={Dreybrodt, Wolfgang},
  journal={Encyclopedia of Caves and Karst Science},
  pages={295--298},
  year={2004},
  publisher={Fitzroy Dearborn New York}
}

@article{ford1978development,
  title={The development of limestone cave systems in the dimensions of length and depth},
  author={Ford, Derek C and Ewers, Ralph O},
  journal={Canadian Journal of Earth Sciences},
  volume={15},
  number={11},
  pages={1783--1798},
  year={1978},
  publisher={NRC Research Press}
}

@article{anderson2005ludwig,
  title={Ludwig Prandtl’s boundary layer},
  author={Anderson, John D},
  journal={Physics Today},
  volume={58},
  number={12},
  pages={42--48},
  year={2005}
}

@book{french1985open,
  title={Open-channel hydraulics},
  author={French, Richard H and French, Richard H},
  year={1985},
  publisher={McGraw-Hill New York}
}

@article{wagner2008iapws,
  title={IAPWS industrial formulation 1997 for the thermodynamic properties of water and steam},
  author={Wagner, Wolfgang and Kretzschmar, Hans-Joachim},
  journal={International steam tables: properties of water and steam based on the industrial formulation IAPWS-IF97},
  pages={7--150},
  year={2008},
  publisher={Springer}
}

@article{zhao2015solubility,
  title={Solubility of Calcium Carbonate in Ammonium Chloride Aqueous Solution at T=(298.15, 323.15, and 348.15) K},
  author={Zhao, Haipeng and Chen, Jia and Liu, Chengqi and Shen, Wei and Cai, Chao and Ren, Yongsheng},
  journal={Journal of Chemical \& Engineering Data},
  volume={60},
  number={11},
  pages={3201--3208},
  year={2015},
  publisher={ACS Publications}
}


@book{white1979fluid,
  title={Fluid mechanics},
  author={White, Frank M},
  year={1979},
  publisher={Tata McGraw-Hill Education}
}

@book{versteeg2007introduction,
  title={An introduction to computational fluid dynamics: the finite volume method},
  author={Versteeg, Henk Kaarle and Malalasekera, Weeratunge},
  year={2007},
  publisher={Pearson education}
}


@book{butler1991carbon,
  title={Carbon dioxide equilibria and their applications},
  author={Butler, James N},
  year={1991},
  publisher={CRC Press}
}

@article{brent1971algorithm,
  title={An algorithm with guaranteed convergence for finding a zero of a function},
  author={Brent, Richard P.},
  journal={The Computer Journal},
  volume={14},
  number={4},
  pages={422--425},
  year={1971},
  publisher={Oxford University Press}
}
